<?xml version="1.0" encoding="UTF-8"?><record xmlns="http://www.loc.gov/MARC21/slim" xmlns:cinclude="http://apache.org/cocoon/include/1.0" xmlns:zs="http://www.loc.gov/zing/srw/">
  <leader>00495cz  a2200145n  4500</leader>
  <controlfield tag="001">nb 99054507 </controlfield>
  <controlfield tag="003">DLC</controlfield>
  <controlfield tag="005">20130315104715.0</controlfield>
  <controlfield tag="008">990625n| azannaabn          |a aaa     c</controlfield>
  <datafield tag="010" ind1=" " ind2=" ">
    <subfield code="a">nb 99054507 </subfield>
  </datafield>
  <datafield tag="040" ind1=" " ind2=" ">
    <subfield code="a">Uk</subfield>
    <subfield code="b">eng</subfield>
    <subfield code="e">rda</subfield>
    <subfield code="c">Uk</subfield>
    <subfield code="d">DLC</subfield>
  </datafield>
  <datafield tag="046" ind1=" " ind2=" ">
    <subfield code="f">1893</subfield>
  </datafield>
  <datafield tag="100" ind1="1" ind2=" ">
    <subfield code="a">Widnell, H. E. R.,</subfield>
    <subfield code="d">1893-</subfield>
  </datafield>
  <datafield tag="400" ind1="1" ind2=" ">
    <subfield code="w">nnea</subfield>
    <subfield code="a">Widnell, H. E. R.,</subfield>
    <subfield code="d">b. 1893</subfield>
  </datafield>
  <datafield tag="670" ind1=" " ind2=" ">
    <subfield code="a">The Beaulieu record, 1973:</subfield>
    <subfield code="b">t.p. (H.E.R. Widnell) jkt. (born 16 Oct. 1893; former personal assistant and agent to John, 2nd Lord Montagu of Beaulieu)</subfield>
  </datafield>
</record>